@inproceedings{Martin21,
  author    = {Leon Martin and
               Robin Jegan and
               Andreas Henrich},
  xeditor    = {},
  title     = {On the Form of Research Publications for Use in Scientific Knowledge Graphs},
  booktitle = {Wissensorganisation 2021: 16. Tagung der Deutschen Sektion der Internationalen Gesellschaft für Wissensorganisation (ISKO) (WissOrg’21)},
  pages     = {},
  publisher = {},
  year      = {(accepted for publication) 2021},
  url       = {},
  doi       = {}
}