%%% WEB SOURCES

@article{WEB:Beckett14,
  author = {Beckett, David and Berners-Lee, Tim and Prud'hommeaux, Eric and Carothers, Gavin},
  year = {2014},
  title = {{RDF} 1.1 {Terse RDF Triple Language}},
  organization = {W3C},
  note = {\url{https://www.w3.org/TR/turtle} (accessed 2022/11/02)}
}

@article{WEB:Cyganiak14,
  author = {Cyganiak, Richard and Hyland-Wood, David and Lanthaler, Markus},
  year = {2014},
  title = {{RDF} 1.1 Concepts and Abstract Syntax},
  organization = {W3C},
  note = {\url{https://www.w3.org/TR/rdf11-concepts} (accessed 2022/11/02)}
}

@article{WEB:Schreiber14,
  author = {Schreiber, Guus and Raimond, Yves},
  year = {2014},
  title = {{RDF} 1.1 Primer},
  organization = {W3C},
  note = {\url{https://www.w3.org/TR/rdf11-primer} (accessed 2022/11/02)}
}
  
@article{WEB:Herman15,
  author = {Herman, Ivan and Adida, Ben and Sporny, Manu and Birbeck, Mark},
  year = {2015},
  title = {{RDFa} 1.1 Primer},
  organization = {W3C},
  note = {\url{https://www.w3.org/TR/rdfa-primer} (accessed 2022/11/02)}
}

@article{WEB:SciSpace,
  author = {{PubGenius Inc.}},
  year = {2022},
  title = {Discover, Create, and Publish your research paper},
  organization = {PubGenius Inc.},
  note = {\url{https://typeset.io} (accessed 2022/11/02)}
}

@article{WEB:W3CSPARQLWG,
  author = {{W3C SPARQL Working Group}},
  year = {2013},
  title = {{SPARQL} 1.1 Overview},
  organization = {W3C},
  note = {\url{https://www.w3.org/TR/sparql11-overview} (accessed 2022/11/02)}
}

@article{WEB:W3COWLWG,
  author = {{W3C OWL Working Group}},
  year = {2013},
  title = {{OWL} 2 {Web Ontology Language}
  Document Overview (Second Edition)},
  organization = {W3C},
  note = {\url{https://www.w3.org/TR/owl2-overview} (accessed 2022/11/02)}
}
  
@article{WEB:XANADU,
  author = {{Project Xanadu}},
  year = {2021},
  title = {{Project Xanadu}},
  organization = {Project Xanadu},
  note = {\url{https://www.xanadu.net} (accessed 2022/11/02)}
}

%%% REGULAR PUBLICATIONS

@inproceedings{DBLP:conf/wims/AuerKPKSV18,
  author    = {S{\"{o}}ren Auer and
               Viktor Kovtun and
               Manuel Prinz and
               Anna Kasprzik and
               Markus Stocker and
               Maria{-}Esther Vidal},
  xeditor    = {Rajendra Akerkar and
               Mirjana Ivanovic and
               Sang{-}Wook Kim and
               Yannis Manolopoulos and
               Riccardo Rosati and
               Milos Savic and
               Costin Badica and
               Milos Radovanovic},
  title     = {Towards a Knowledge Graph for Science},
  booktitle = {Proceedings of the 8th International Conference on Web Intelligence,
               Mining and Semantics, {WIMS} 2018, June 25-27, 2018},
  pages     = {1:1--1:6},
  address   = {Novi Sad, Serbia},
  publisher = {{ACM}},
  year      = {2018},
  url       = {https://doi.org/10.1145/3227609.3227689},
  timestamp = {Mon, 15 Jun 2020 17:07:22 +0200},
  biburl    = {https://dblp.org/rec/conf/wims/AuerKPKSV18.bib},
  bibsource = {dblp computer science bibliography, https://dblp.org}
}

@inproceedings{DBLP:conf/i-semantics/EhrlingerW16,
  author    = {Lisa Ehrlinger and
               Wolfram W{\"{o}}{\ss}},
  editor    = {Michael Martin and
               Mart{\'{\i}} Cuquet and
               Erwin Folmer},
  title     = {Towards a Definition of Knowledge Graphs},
  booktitle = {Joint Proceedings of the Posters and Demos Track of the 12th International
               Conference on Semantic Systems - SEMANTiCS2016 and the 1st International
               Workshop on Semantic Change {\&} Evolving Semantics (SuCCESS'16)
               co-located with the 12th International Conference on Semantic Systems
               (SEMANTiCS 2016), September 12-15, 2016},
  series    = {{CEUR} Workshop Proceedings},
  volume    = {1695},
  address   = {Leipzig, Germany},
  publisher = {CEUR-WS.org},
  year      = {2016},
  url       = {http://ceur-ws.org/Vol-1695/paper4.pdf},
  timestamp = {Wed, 12 Feb 2020 16:44:25 +0100},
  biburl    = {https://dblp.org/rec/conf/i-semantics/EhrlingerW16.bib},
  bibsource = {dblp computer science bibliography, https://dblp.org}
}

@inproceedings{DBLP:conf/esws/GrozaHMD07,
  author    = {Tudor Groza and
               Siegfried Handschuh and
               Knud M{\"{o}}ller and
               Stefan Decker},
  editor    = {Enrico Franconi and
               Michael Kifer and
               Wolfgang May},
  title     = {{SALT} - {S}emantically Annotated {LaTeX} for Scientific Publications},
  booktitle = {The Semantic Web: Research and Applications, 4th European Semantic
               Web Conference, {ESWC} 2007, June 3-7, 2007, Proceedings},
  series    = {Lecture Notes in Computer Science},
  volume    = {4519},
  pages     = {518--532},
  address   = {Innsbruck, Austria},
  publisher = {Springer},
  year      = {2007},
  url       = {https://doi.org/10.1007/978-3-540-72667-8\_37},
  timestamp = {Tue, 14 May 2019 10:00:44 +0200},
  biburl    = {https://dblp.org/rec/conf/esws/GrozaHMD07.bib},
  bibsource = {dblp computer science bibliography, https://dblp.org}
}

@inproceedings{DBLP:conf/kcap/JaradehOFPDKSA19,
  author    = {Mohamad Yaser Jaradeh and
               Allard Oelen and
               Kheir Eddine Farfar and
               Manuel Prinz and
               Jennifer D'Souza and
               G{\'{a}}bor Kismih{\'{o}}k and
               Markus Stocker and
               S{\"{o}}ren Auer},
  xeditor    = {Mayank Kejriwal and
               Pedro A. Szekely and
               Rapha{\"{e}}l Troncy},
  title     = {Open Research Knowledge Graph: {N}ext Generation Infrastructure for
               Semantic Scholarly Knowledge},
  booktitle = {Proceedings of the 10th International Conference on Knowledge Capture,
               {K-CAP} 2019, November 19-21, 2019},
  pages     = {243--246},
  address   = {Marina Del Rey, CA, USA},
  publisher = {{ACM}},
  year      = {2019},
  url       = {https://doi.org/10.1145/3360901.3364435},
  timestamp = {Sun, 25 Oct 2020 22:55:43 +0100},
  biburl    = {https://dblp.org/rec/conf/kcap/JaradehOFPDKSA19.bib},
  bibsource = {dblp computer science bibliography, https://dblp.org}
}

@inproceedings{DBLP:conf/kdd/JiangZ00C019,
  author    = {Tianwen Jiang and
               Tong Zhao and
               Bing Qin and
               Ting Liu and
               Nitesh V. Chawla and
               Meng Jiang},
  xeditor    = {Ankur Teredesai and
               Vipin Kumar and
               Ying Li and
               R{\'{o}}mer Rosales and
               Evimaria Terzi and
               George Karypis},
  title     = {The Role of {"Condition"}: {A} Novel Scientific Knowledge Graph Representation and
               Construction Model},
  booktitle = {Proceedings of the 25th {ACM} {SIGKDD} International Conference on
               Knowledge Discovery {\&} Data Mining, {KDD} 2019, August 4-8, 2019},
  pages     = {1634--1642},
  address   = {Anchorage, AK, USA},
  publisher = {{ACM}},
  year      = {2019},
  url       = {https://doi.org/10.1145/3292500.3330942},
  timestamp = {Mon, 25 May 2020 08:29:27 +0200},
  biburl    = {https://dblp.org/rec/conf/kdd/JiangZ00C019.bib},
  bibsource = {dblp computer science bibliography, https://dblp.org}
}

@inproceedings{DBLP:conf/i-semantics/KohlhaseK010,
  author    = {Andrea Kohlhase and
               Michael Kohlhase and
               Christoph Lange},
  title     = {S\({}^{\mbox{T}}\)E\({}^{\mbox{X}}\)+: a system for flexible formalization
               of linked data},
  booktitle = {{I-SEMANTICS}},
  address   = {Online},
  publisher = {{ACM}},
  year      = {2010}
}

@inproceedings{DBLP:conf/eScience/KuhnMMPHOFQCBWE18,
  author    = {Tobias Kuhn and
               Albert Mero{\~{n}}o{-}Pe{\~{n}}uela and
               Alexander Malic and
               Jorrit H. Poelen and
               Allen H. Hurlbert and
               Emilio Centeno Ortiz and
               Laura I. Furlong and
               N{\'{u}}ria Queralt{-}Rosinach and
               Christine Chichester and
               Juan M. Banda and
               Egon L. Willighagen and
               Friederike Ehrhart and
               Chris T. A. Evelo and
               Tareq B. Malas and
               Michel Dumontier},
  title     = {Nanopublications: {A} Growing Resource of Provenance-Centric Scientific
               Linked Data},
  booktitle = {14th {IEEE} International Conference on e-Science, e-Science 2018, October 29 - November 1, 2018},
  pages     = {83--92},
  publisher = {{IEEE} Computer Society},
  address   = {Amsterdam, The Netherlands},
  year      = {2018},
  url       = {https://doi.org/10.1109/eScience.2018.00024},
  doi       = {10.1109/eScience.2018.00024},
  timestamp = {Thu, 14 Oct 2021 10:02:46 +0200},
  biburl    = {https://dblp.org/rec/conf/eScience/KuhnMMPHOFQCBWE18.bib},
  bibsource = {dblp computer science bibliography, https://dblp.org}
}

@article{DBLP:journals/bmcbi/ErnstSW15,
  author    = {Patrick Ernst and
               Amy Siu and
               Gerhard Weikum},
  title     = {KnowLife: a versatile approach for constructing a large knowledge
               graph for biomedical sciences},
  journal   = {{BMC} Bioinform.},
  volume    = {16},
  pages     = {157:1--157:13},
  address   = {},
  year      = {2015},
  url       = {https://doi.org/10.1186/s12859-015-0549-5},
  timestamp = {Sun, 15 Mar 2020 19:51:31 +0100},
  biburl    = {https://dblp.org/rec/journals/bmcbi/ErnstSW15.bib},
  bibsource = {dblp computer science bibliography, https://dblp.org}
}

@inproceedings{DBLP:conf/emnlp/LuanHOH18,
  author    = {Yi Luan and
               Luheng He and
               Mari Ostendorf and
               Hannaneh Hajishirzi},
  xeditor    = {Ellen Riloff and
               David Chiang and
               Julia Hockenmaier and
               Jun'ichi Tsujii},
  title     = {Multi-Task Identification of Entities, Relations, and Coreference
               for Scientific Knowledge Graph Construction},
  booktitle = {Proceedings of the 2018 Conference on Empirical Methods in Natural
               Language Processing, October 31 - November 4, 2018},
  pages     = {3219--3232},
  address   = {Brussels, Belgium},
  publisher = {Association for Computational Linguistics},
  year      = {2018},
  url       = {https://doi.org/10.18653/v1/d18-1360},
  timestamp = {Tue, 28 Jan 2020 10:28:15 +0100},
  biburl    = {https://dblp.org/rec/conf/emnlp/LuanHOH18.bib},
  bibsource = {dblp computer science bibliography, https://dblp.org}
}

@inproceedings{DBLP:conf/www/0001SCBMN19,
  author    = {Muhammad Saleem and
               G{\'{a}}bor Sz{\'{a}}rnyas and
               Felix Conrads and
               Syed Ahmad Chan Bukhari and
               Qaiser Mehmood and
               Axel{-}Cyrille Ngonga Ngomo},
  editor    = {Ling Liu and
               Ryen W. White and
               Amin Mantrach and
               Fabrizio Silvestri and
               Julian J. McAuley and
               Ricardo Baeza{-}Yates and
               Leila Zia},
  title     = {How Representative Is a {SPARQL} Benchmark? {A}n Analysis of {RDF} Triplestore
               Benchmarks},
  booktitle = {The World Wide Web Conference, {WWW} 2019,
               May 13-17, 2019},
  pages     = {1623--1633},
  address   = {San Francisco, CA, USA},
  publisher = {{ACM}},
  year      = {2019},
  url       = {https://doi.org/10.1145/3308558.3313556},
  timestamp = {Wed, 15 Jan 2020 19:12:17 +0100},
  biburl    = {https://dblp.org/rec/conf/www/0001SCBMN19.bib},
  bibsource = {dblp computer science bibliography, https://dblp.org}
}

@inproceedings{Martin21,
  author    = {Leon Martin and
               Robin Jegan and
               Andreas Henrich},
  xeditor    = {},
  title     = {On the Form of Research Publications for Use in Scientific Knowledge Graphs},
  booktitle = {Wissensorganisation 2021: 16. Tagung der Deutschen Sektion der Internationalen Gesellschaft für Wissensorganisation (ISKO) (WissOrg’21)},
  pages     = {},
  publisher = {},
  address   = {Online},
  year      = {accepted for publication 2021},
  url       = {},
  doi       = {}
}

@inproceedings{DBLP:conf/ercimdl/MartinH21,
  author    = {Leon Martin and
               Andreas Henrich},
  editor    = {Gianmaria Silvello and
               {\'{O}}scar Corcho and
               Paolo Manghi and
               Giorgio Maria Di Nunzio and
               Koraljka Golub and
               Nicola Ferro and
               Antonella Poggi},
  title     = {{RDFtex}: Knowledge Exchange Between {LaTeX}-Based Research Publications and Scientific Knowledge
               Graphs},
  booktitle = {Linking Theory and Practice of Digital Libraries - 26th International
               Conference on Theory and Practice of Digital Libraries, {TPDL} 2022, September 20-23, 2022, Proceedings},
  series    = {Lecture Notes in Computer Science},
  volume    = {13541},
  pages     = {26--38},
  address   = {Padua, Italy},
  publisher = {Springer},
  year      = {2022},
  url       = {https://doi.org/10.1007/978-3-031-16802-4\_3},
  doi       = {10.1007/978-3-031-16802-4\_3},
  timestamp = {Thu, 22 Sep 2022 19:57:43 +0200},
  biburl    = {https://dblp.org/rec/conf/ercimdl/MartinH21.bib},
  bibsource = {dblp computer science bibliography, https://dblp.org}
}

@article{manghi2019openaire,
  author       = {Manghi, Paolo and
                  Bardi, Alessia and
                  Atzori, Claudio and
                  Baglioni, Miriam and
                  Manola, Natalia and
                  Schirrwagen, Jochen and
                  Principe, Pedro},
  title        = {The {OpenAIRE} Research Graph Data Model},
  year         = 2019,
  publisher    = {Zenodo},
  version      = {1.3},
  url          = {https://doi.org/10.5281/zenodo.2643199}
}

@inproceedings{DBLP:conf/amia/NoyCFKTVM03,
  author    = {Natalya Fridman Noy and
               Monica Crub{\'{e}}zy and
               Ray W. Fergerson and
               Holger Knublauch and
               Samson W. Tu and
               Jennifer Vendetti and
               Mark A. Musen},
  title     = {Prot{\'{e}}g{\'{e}}-2000: An Open-Source Ontology-Development
               and Knowledge-Acquisition Environment: {AMIA} 2003 Open Source Expo},
  booktitle = {{AMIA} 2003, American Medical Informatics Association Annual Symposium,
               Washington, DC, USA, November 8-12, 2003},
  publisher = {{AMIA}},
  year      = {2003},
  url       = {https://knowledge.amia.org/amia-55142-a2003a-1.616734/t-002-1.618748/f-001-1.618749/a-336-1.619077/a-337-1.619074},
  timestamp = {Wed, 04 Aug 2021 11:13:09 +0200},
  biburl    = {https://dblp.org/rec/conf/amia/NoyCFKTVM03.bib},
  bibsource = {dblp computer science bibliography, https://dblp.org}
}

@article{martin2022specification,
  title={Specification and Validation of Quality Criteria for Git Repositories using RDF and SHACL},
  author={Martin, Leon and Henrich, Andreas},
  year={2022}
}